@misc{NIST-const,
  author      = {{National Institute of Standards and Technology}},
  title       = {Fundamental Physical Constants},
  year        = {2024},
  url         = {https://physics.nist.gov/cuu/Constants/index.html},
  institution = {National Institute of Standards and Technology}
}

@book{goldstein-classical,
  author    = {Herbert Goldstein and Charles P. Poole and John L. Safko},
  publisher = {Pearson Education},
  title     = {Classical Mechanics},
  year      = {2002},
  isbn      = {9788131758915}
}
@book{hachiware-analyticalMechanics,
  author    = {渡辺悠樹},
  publisher = {共立出版},
  title     = {解析力学},
  year      = {2024},
  isbn      = {978-4-320-03631-4}
}
@online{maeno-leastAction,
  author = {前野昌弘},
  title  = {最小作用の原理はどこからくるか？},
  year   = {2024},
  url    = {http://irobutsu.a.la9.jp/fromRyukyu/wiki/index.php?%BA%C7%BE%AE%BA%EE%CD%D1%A4%CE%B8%B6%CD%FD%A4%CF%A4%C9%A4%B3%A4%AB%A4%E9%A4%AF%A4%EB%A4%AB%A1%A9}
}
@online{eman-functionalDerivative,
  author = {広江克彦},
  title  = {汎関数微分},
  year   = {2007},
  url    = {https://eman-physics.net/analytic/functional.html}
}
@online{suzuki-leastActionFluid,
  author = {鈴木康夫},
  title  = {流体力学における最小作用の原理（提案）},
  year   = {2022},
  url    = {https://hooktail.sub.jp/fluid/PrincipleofLeastActionforFluidMechanics/}
}
@online{eman-fluidEoM,
  author = {広江克彦},
  title  = {流体の運動方程式},
  year   = {2020},
  url    = {https://eman-physics.net/fluid/eq_of_motion.html}
}
@online{eman-legendreTransform,
  author = {広江克彦},
  title  = {ルジャンドル変換},
  year   = {2002},
  url    = {https://eman-physics.net/analytic/legendre.html}
}
@article{1923-compton,
  author  = {Arthur H. Compton},
  journal = {A Quantum Theory of the Scattering of X-rays by Light Elements},
  number  = {483},
  title   = {Physical Review Letters},
  volume  = {21},
  year    = {1923}
}
@inbook{1905-photoelectric,
  author    = {Albert Einstein},
  chapter   = {On a Heuristic Point of View Concerning the Production and Transformation of Light},
  editor    = {John Stachel},
  publisher = {Princeton University Press},
  title     = {The Collected Papers of Albert Einstein},
  volume    = {2},
  year      = {1990}
}
@phdthesis{1925-deBroglie,
  author  = {Louis de Broglie},
  school  = {Paris},
  title   = {Recherches sur la théorie des quanta},
  year    = {1925},
  journal = {Annales de Physique}
}
@article{1913-bohr,
  author  = {Niels Bohr},
  journal = {The London, Edinburgh, and Dublin Philosophical Magazine and Journal of Science},
  number  = {151},
  title   = {On the Constitution of Atoms and Molecules},
  volume  = {26},
  year    = {1913}
}
