@book{goldstein-classical,
  author    = {Herbert Goldstein and Charles P. Poole and John L. Safko},
  publisher = {Pearson Education},
  title     = {Classical Mechanics},
  year      = {2002},
  isbn      = {9788131758915}
}
@online{maeno-leastAction,
  author = {前野昌弘},
  title  = {最小作用の原理はどこからくるか？},
  year   = {2024},
  url    = {http://irobutsu.a.la9.jp/fromRyukyu/wiki/index.php?%BA%C7%BE%AE%BA%EE%CD%D1%A4%CE%B8%B6%CD%FD%A4%CF%A4%C9%A4%B3%A4%AB%A4%E9%A4%AF%A4%EB%A4%AB%A1%A9}
}
@online{eman-functionalDerivative,
  author = {広江克彦},
  title  = {汎関数微分},
  year   = {2007},
  url    = {https://eman-physics.net/analytic/functional.html}
}
@online{suzuki-leastActionFluid,
  author = {鈴木康夫},
  title  = {流体力学における最小作用の原理（提案）},
  year   = {2022},
  url    = {https://hooktail.sub.jp/fluid/PrincipleofLeastActionforFluidMechanics/}
}
@online{eman-fluidEoM,
  author = {広江克彦},
  title  = {流体の運動方程式},
  year   = {2020},
  url    = {https://eman-physics.net/fluid/eq_of_motion.html}
}